@inproceedings{Feldman2015ComputationalFP,
  title={Computational Fairness: Preventing Machine-Learned Discrimination},
  author={Michael Feldman},
  year={2015}
}